@INPROCEEDINGS {author:06,
 title = {Some publication title},
 author = {First Author and Second Author},
 crossref = {conference:06},
 pages = {330--331},
 }
 
 @PROCEEDINGS {conference:06,
 editor = {First Editor and Second Editor},
 booktitle = {Proceedings of the Xth Conference on XYZ},
 year = {2006},
 month = {October},
 }
 
@MASTERTHESIS {,
author = {},
title = {},
school = {},
year = {}
}

@PROCEEDINGS {,
 editor = {},
 booktitle = {},
 year = {},
 month = {}
 }
 
@TECHREPORT {,
author = {},
title = {},
institution = {},
author = {}
}

@electronic {,
  author        = {},
  title         = {},
  howpublished  = {},
  url           = {},
  month         = {},
  year          = {}
}



% MASTERTHESIS
 
@MASTERTHESIS {MT:xx,
author = {藤山 翔乃},
title = {LHC-ATLAS 実験における長寿命新粒子探索に用いる信号事象の飛跡及び崩壊点再構成に関する研究},
school = {九州大学大学院},
year = {2016}
}

@MASTERTHESIS {MT:01,
author = {角源一郎},
title = {LHC-ATLAS 実験における新物理探索のための重い長寿命荷電粒子トリガーの性能評価},
school = {神戸大学},
year = {2020}
}

@MASTERTHESIS {MT:02,
author = {塩見崇宏},
title = {LHC-ATLAS 実験における第三期運転に向けた初段ミューオントリガーアルゴリズムの開発},
school = {神戸大学},
year = {2020}
}

@MASTERTHESIS {MT:03,
author = {赤塚駿一},
title = {LHC-ATLAS~実験~Run-3~に向けたミューオントリガーの改良},
school = {京都大学},
year = {2017}
}

@MASTERTHESIS {MT:04,
author = {鈴木友},
title = {ATLAS~Muon~Trigger~System~の~Commisioning},
school = {総合研究大学院大学},
year = {2009}
}

@MASTERTHESIS {MT:05,
author = {岸本巴},
title = {ATLAS~実験におけるミューオントリガー効率の評価},
school = {神戸大学},
year = {2012}
}


%TECHREPORT

@TECHREPORT {TR:01,
author = {G. Aad, E. Abat},
title = {The ATLAS Experiment at the CERN Large Hadron Collider},
institution = {The ATLAS Collaboration},
year = {2008}
}

@TECHREPORT {TR:02,
 author = {D. Lellouch and L. Levinson},
 title = {Naming and numbering scheme for the Endcap muon trigger system},
 institution = {ATLAS Level-1 muon trigger group},
 year = {2005}
 }

@TECHREPORT {TR:03,
 title = {Measurement of Higgs Boson Production Cross Sections in the Diphoton Channel}
 }

@TECHREPORT {TR:04,
 title = {Technical Design Report for the Phase-II Upgrade of the ATLAS Muon Spectrometer}
 institution = {The ATLAS Collaboration},
 year = {2017}
 }

@TECHREPORT {TR:05,
 author = {T. Kawamoto et.al},
 title = {New Small Wheel Technical Design Report}
 institution = {The ATLAS Collaboration},
 year = {2013}
 }
 
@TECHREPORT {TR:06,
 author = {S. Akatsuka et al.},
 title = {The BIS78 Resistive Plate Chambers upgrade of the ATLAS Muon Spectrometer for the LHC Run-3}
 year = {2020}
 }

@TECHREPORT {TR:07,
 author = {Massa, Lorenzo},
 title = {Performance estimation of the Level-1 Endcap muon at Run 3}
 year = {2018}
 }

@TECHREPORT {TR:08,
 author = {Harrington, R D},
 title = {ATLAS Fast Simulation: Atlfast-II and the Integrated Simulation Framework}
 year = {2012}
 }

%ARTICLE

@ARTICLE {AR:01,
 author = {Stephen P. Martin},
 title = {A Supersymmetry Primer},
 journal = {hep-ph},
 year = {2016}
 } 

@ARTICLE {AR:02,
 author = {M.Aaboud and G.Aad},
 title = {Performance of the ATLAS Trigger System in 2015},
 journal = {Eur. Phys. J. C 77 (2017) 317},
 year = {2017}
 } 
 
@ARTICLE {AR:03,
 author = {The ATLAS Collaboration},
 title = {Searches for heavy long-lived charged particles with the ATLAS
detector in proton–proton collisions at √s = 8 TeV},
 journal = {CERN-PH-EP-2014-252},
 year = {2015}
 } 

@ARTICLE {AR:04,
 author = {J. Huston,~ K. Rabbertz and G. Zanderighi},
 title = {Quantum Chromodynamics},
 journal = {Particle Data Group},
 year = {2021}
 } 
 
@ARTICLE {AR:05,
 author = {J. Erler and A. Freitas},
 title = {Electroweak Model and Constraints on New Physics},
 journal = {Particle Data Group},
 year = {2020}
 } 
 
@ARTICLE {AR:06,
 author = {M. Carena, C. Grojean et.al},
 title = {Status of Higgs Boson Physics},
 journal = {Particle Data Group},
 year = {2021}
 } 

@ARTICLE {AR:07,
 author = {A. Ceccucci, Z. Ligeti and Y. Sakai},
 title = {CKM Quark-Mixing Matrix},
 journal = {Particle Data Group},
 year = {2020}
 }  
 
@ARTICLE {AR:08,
 author = {T. Gershon and Y. Nir},
 title = {CP Violation in the Quark Sector},
 journal = {Particle Data Group},
 year = {2021}
 }  

@ARTICLE {AR:09,
 author = {Tsukerman and Ilya},
 title = {Measurements of the Higgs boson by ATLAS and CMS},
 journal = {J. Phys.: Conf. Ser. 1390 (2019) 012030},
 year = {2021}
 }  

@ARTICLE {AR:10,
 author = {A. Hebecker and J. Hisano},
 title = {Grand Unified Theories},
 journal = {Particle Data Group},
 year = {2019}
 }  
 
@ARTICLE {AR:11,
 author = {L. Baudis and S. Profumo},
 title = {Dark Matter},
 journal = {Particle Data Group},
 year = {2021}
 }  

@ARTICLE {AR:12,
 author = {B.C. Allanach and H.E. Haber},
 title = {Supersymmetry, Part I (Theory)},
 journal = {Particle Data Group},
 year = {2021}
 }  

@ARTICLE {AR:13,
 author = {M. D’Onofrio and F. Moortgat},
 title = {Supersymmetry, Part II (Experiment)},
 journal = {Particle Data Group},
 year = {2021}
 }  

@ARTICLE {AR:14,
 author = {K. Ntekas},
 title = {Performance characterization of the Micromegas detector for the New Small Wheel upgrade
and Development and improvement of the Muon Spectrometer Detector Control System in the ATLAS
experiment},
 journal = {CERN-THESIS},
 year = {2016}
 }  
 
@ARTICLE {AR:15,
 title = {Operation of the ATLAS Trigger System in Run 2},
 journal = {JINST 15 (2020) 10, P10004},
 year = {2020}
 }  

@ARTICLE {AR:16,
 author = {Vera C. Rubin, Jr. Ford et.al},
 title = {Extended rotation curves
of high-luminosity spiral galaxies. IV. Systematic dynamical properties, Sa through Sc.},
 journal = {Astrophys. J. Lett., 225:L107–L111},
 year = {1978}
 }  


% ELECTRONIC
@electronic{URL:01,
  title         = {ATLAS Japan},
  url           = {https://atlas.kek.jp/main/movie/photos/physics/index.html}
}

@electronic{URL:02,
  title         = {ATLAS Experiment},
  url           = {https://atlas.cern}
}

@electronic{URL:03,
  title         = {FEYNMAN DIAGRAMS},
  url           = {feynman.docs.cern.ch}
}

@electronic{URL:04,
  title         = {ATLAS Thin Gap Chamber Design page},
  url           = {http://atlas.web.cern.ch/Atlas/project/TGC/www/tgc.html}
}

@electronic{URL:05,
  title         = {Patch Panel ASIC},
  url           = {https://twiki.cern.ch/twiki/pub/Atlas/TgcDocument/PP-ASIC_v20050713.pdf}
}

@electronic{URL:06,
  title         = {Amplifier-Shaper-Discriminator and ASD Boards},
  year = {1999},
  url           = {http://online.kek.jp/~sosamu/ASD-PRR.pdf}
}

@electronic{URL:07,
  title         = {Immersive tour of the accelerator complex},
  url           = {https://home.cern/science/accelerators/accelerator-complex/panoramas}
}

@electronic{URL:08,
  title         = {L1~Muon~Trigger~Public~Results},
  url           = {https://twiki.cern.ch/twiki/bin/view/AtlasPublic/L1MuonTriggerPublicResults}
}

@electronic{URL:09,
  title         = {Tgc~Operation~Instruction},
  url           = {https://twiki.cern.ch/twiki/bin/view/Main/TgcOperationInstructionInJapanese}
}

@electronic{URL:10,
  title         = {The~Standard~Model},
  url           = {https://home.cern/science/physics/standard-model}
}

@electronic{URL:11,
  title         = {CERN Accelerating Science},
  url           = {https://home.cern}
}

@electronic{URL:12,
  title         = {CERN Accelerating Science The Large Hadron Collider},
  url           = {https://home.cern/science/accelerators/large-hadron-collider}
}

@electronic{URL:13,
  title         = {ATLAS Experiment},
  url           = {https://atlas.cern/}
}

@electronic{URL:14,
  title         = {CMS Experiment},
  url           = {https://home.cern/science/experiments/cms}
}

@electronic{URL:15,
  title         = {ALICE Experiment},
  url           = {https://alice-collaboration.web.cern.ch/}
}

@electronic{URL:16,
  title         = {Large Hadron Collider beauty Experiment},
  url           = {https://lhcb-outreach.web.cern.ch/}
}

@electronic{URL:17,
  title         = {Luminosity~Public~Results~Run2},
  url           = {https://twiki.cern.ch/twiki/bin/view/AtlasPublic/LuminosityPublicResultsRun2}
}

@electronic{URL:18,
  title         = {Luminosity~Public~Results},
  url           = {https://twiki.cern.ch/twiki/bin/view/AtlasPublic/LuminosityPublicResults}
}

@electronic{URL:19,
  title         = {Experiment Briefing: Keeping the ATLAS Inner Detector in perfect alignment},
  url           = {http://cds.cern.ch/record/2723878}
}

@electronic{URL:20,
  title         = {The S-LINK 64 bit extension specification: S-LINK64},
  url           = {http://hsi.web.cern.ch/HSI/s-link/spec/spec/s-link.pdf}
}

@electronic{URL:21,
  title         = {atlas/athena},
  url           = {https://gitlab.cern.ch/atlas/athena}
}

@electronic{URL:22,
  title         = {GEANT4 A SIMULATION TOOLKIT},
  url           = {https://geant4.web.cern.ch/node/1}
}

@electronic{URL:23,
  title         = {ROOT: analyzing petabytes of data, scientifically},
  url           = {https://root.cern/}
}
